<record><leader>00000cas a2200000 i 4500</leader><controlfield tag="001">835069415</controlfield><controlfield tag="006">m     o  d        </controlfield><controlfield tag="007">cr |||||||||||</controlfield><controlfield tag="008">130403d18651871pauwr ne      0   a0eng  </controlfield><datafield ind1=" " ind2=" " tag="010"><subfield code="a">  2013218685</subfield></datafield><datafield ind1=" " ind2=" " tag="040"><subfield code="a">DLC</subfield><subfield code="b">eng</subfield><subfield code="e">rda</subfield><subfield code="c">DLC</subfield><subfield code="d">DLC</subfield><subfield code="d">OCLCQ</subfield><subfield code="d">DLC</subfield><subfield code="d">OCLCF</subfield></datafield><datafield ind1="0" ind2=" " tag="022"><subfield code="a">2327-8382</subfield><subfield code="2">1</subfield></datafield><datafield ind1=" " ind2=" " tag="042"><subfield code="a">pcc</subfield><subfield code="a">nsdp</subfield></datafield><datafield ind1=" " ind2=" " tag="043"><subfield code="a">n-us-pa</subfield></datafield><datafield ind1="1" ind2="0" tag="050"><subfield code="a">ISSN RECORD</subfield></datafield><datafield ind1="0" ind2="0" tag="082"><subfield code="a">071</subfield><subfield code="2">23</subfield></datafield><datafield ind1="0" ind2=" " tag="130"><subfield code="a">Ebensburg Alleghanian (Online)</subfield></datafield><datafield ind1=" " ind2="4" tag="222"><subfield code="a">The Ebensburg Alleghanian</subfield><subfield code="b">(Online)</subfield></datafield><datafield ind1="1" ind2="4" tag="245"><subfield code="a">The Ebensburg Alleghanian.</subfield></datafield><datafield ind1="1" ind2="7" tag="246"><subfield code="a">Alleghenian</subfield></datafield><datafield ind1=" " ind2="1" tag="264"><subfield code="a">Ebensburg, Pa. :</subfield><subfield code="b">J. Todd Hutchinson,</subfield><subfield code="c">1865-</subfield></datafield><datafield ind1=" " ind2=" " tag="310"><subfield code="a">Weekly</subfield></datafield><datafield ind1=" " ind2=" " tag="336"><subfield code="a">text</subfield><subfield code="b">txt</subfield><subfield code="2">rdacontent</subfield></datafield><datafield ind1=" " ind2=" " tag="337"><subfield code="a">computer</subfield><subfield code="b">c</subfield><subfield code="2">rdamedia</subfield></datafield><datafield ind1=" " ind2=" " tag="338"><subfield code="a">online resource</subfield><subfield code="b">cr</subfield><subfield code="2">rdacarrier</subfield></datafield><datafield ind1="0" ind2=" " tag="362"><subfield code="a">Vol. 6, no. 36 (June 15, 1865)-</subfield></datafield><datafield ind1="1" ind2=" " tag="362"><subfield code="a">Ceased in Aug. 1871?</subfield></datafield><datafield ind1=" " ind2=" " tag="515"><subfield code="a">Suspended Feb. 14-Aug. 12, 1868.</subfield></datafield><datafield ind1=" " ind2=" " tag="530"><subfield code="a">Also issued in print.</subfield></datafield><datafield ind1=" " ind2=" " tag="588"><subfield code="a">Description based on print version record.</subfield></datafield><datafield ind1=" " ind2=" " tag="588"><subfield code="a">Latest issue consulted: Volume 10, number 1 (August 19, 1869) (Chroniclingamerica.loc.gov, viewed Apr. 3, 2013).</subfield></datafield><datafield ind1=" " ind2="0" tag="651"><subfield code="a">Ebensburg (Pa.)</subfield><subfield code="v">Newspapers.</subfield></datafield><datafield ind1=" " ind2="7" tag="655"><subfield code="a">Newspapers.</subfield><subfield code="2">fast</subfield><subfield code="0">(OCoLC)fst01423814</subfield></datafield><datafield ind1=" " ind2="7" tag="651"><subfield code="a">Pennsylvania</subfield><subfield code="z">Ebensburg.</subfield><subfield code="2">fast</subfield><subfield code="0">(OCoLC)fst01233481</subfield></datafield><datafield ind1=" " ind2=" " tag="752"><subfield code="a">United States</subfield><subfield code="b">Pennsylvania</subfield><subfield code="c">Cambria</subfield><subfield code="d">Ebensburg.</subfield></datafield><datafield ind1="1" ind2=" " tag="776"><subfield code="t">Ebensburg Alleghanian</subfield><subfield code="x">2327-8374</subfield><subfield code="w">(DLC)sn 85054846</subfield><subfield code="w">(OCoLC)12642678</subfield></datafield><datafield ind1="0" ind2="0" tag="780"><subfield code="t">Alleghanian (Ebensburg, Pa. : Online)</subfield><subfield code="x">2327-8366</subfield><subfield code="w">(DLC)  2013218684</subfield></datafield><datafield ind1="0" ind2="0" tag="785"><subfield code="t">Cambria herald</subfield><subfield code="w">(DLC)sn 83032038</subfield></datafield><datafield ind1="4" ind2="1" tag="856"><subfield code="u">http://www.loc.gov/chroniclingamerica/lccn/sn85054846</subfield></datafield></record>